@article{transformer,
  author       = {Ashish Vaswani and
                  Noam Shazeer and
                  Niki Parmar and
                  Jakob Uszkoreit and
                  Llion Jones and
                  Aidan N. Gomez and
                  Lukasz Kaiser and
                  Illia Polosukhin},
  title        = {Attention Is All You Need},
  journal      = {CoRR},
  volume       = {abs/1706.03762},
  year         = {2017},
  url          = {http://arxiv.org/abs/1706.03762},
  eprinttype    = {arXiv},
  eprint       = {1706.03762},
  timestamp    = {Sat, 23 Jan 2021 01:20:40 +0100},
  biburl       = {https://dblp.org/rec/journals/corr/VaswaniSPUJGKP17.bib},
  bibsource    = {dblp computer science bibliography, https://dblp.org}
}
@misc{wu2016googlesneuralmachinetranslation,
      title={Google's Neural Machine Translation System: Bridging the Gap between Human and Machine Translation}, 
      author={Yonghui Wu and Mike Schuster and Zhifeng Chen and Quoc V. Le and Mohammad Norouzi and Wolfgang Macherey and Maxim Krikun and Yuan Cao and Qin Gao and Klaus Macherey and Jeff Klingner and Apurva Shah and Melvin Johnson and Xiaobing Liu and Łukasz Kaiser and Stephan Gouws and Yoshikiyo Kato and Taku Kudo and Hideto Kazawa and Keith Stevens and George Kurian and Nishant Patil and Wei Wang and Cliff Young and Jason Smith and Jason Riesa and Alex Rudnick and Oriol Vinyals and Greg Corrado and Macduff Hughes and Jeffrey Dean},
      year={2016},
      eprint={1609.08144},
      archivePrefix={arXiv},
      primaryClass={cs.CL},
      url={https://arxiv.org/abs/1609.08144}, 
}
@article{shibata1999byte,
  title={Byte pair encoding: A text compression scheme that accelerates pattern matching},
  author={Shibata, Yusuxke and Kida, Takuya and Fukamachi, Shuichi and Takeda, Masayuki and Shinohara, Ayumi and Shinohara, Takeshi and Arikawa, Setsuo},
  year={1999},
  publisher={Technical Report DOI-TR-161, Department of Informatics, Kyushu University}
}
@misc{kudo2018subwordregularizationimprovingneural,
      title={Subword Regularization: Improving Neural Network Translation Models with Multiple Subword Candidates}, 
      author={Taku Kudo},
      year={2018},
      eprint={1804.10959},
      archivePrefix={arXiv},
      primaryClass={cs.CL},
      url={https://arxiv.org/abs/1804.10959}, 
}
@misc{mikolov2013efficientestimationwordrepresentations,
      title={Efficient Estimation of Word Representations in Vector Space}, 
      author={Tomas Mikolov and Kai Chen and Greg Corrado and Jeffrey Dean},
      year={2013},
      eprint={1301.3781},
      archivePrefix={arXiv},
      primaryClass={cs.CL},
      url={https://arxiv.org/abs/1301.3781}, 
}
@online{kexuefm-8231,
        title={Transformer升级之路：1、Sinusoidal位置编码追根溯源},
        author={苏剑林},
        year={2021},
        month={Mar},
        url={https://kexue.fm/archives/8231},
}
@misc{su2023roformerenhancedtransformerrotary,
      title={RoFormer: Enhanced Transformer with Rotary Position Embedding}, 
      author={Jianlin Su and Yu Lu and Shengfeng Pan and Ahmed Murtadha and Bo Wen and Yunfeng Liu},
      year={2023},
      eprint={2104.09864},
      archivePrefix={arXiv},
      primaryClass={cs.CL},
      url={https://arxiv.org/abs/2104.09864}, 
}
@misc{he2015deepresiduallearningimage,
      title={Deep Residual Learning for Image Recognition}, 
      author={Kaiming He and Xiangyu Zhang and Shaoqing Ren and Jian Sun},
      year={2015},
      eprint={1512.03385},
      archivePrefix={arXiv},
      primaryClass={cs.CV},
      url={https://arxiv.org/abs/1512.03385}, 
}
@misc{ba2016layernormalization,
      title={Layer Normalization}, 
      author={Jimmy Lei Ba and Jamie Ryan Kiros and Geoffrey E. Hinton},
      year={2016},
      eprint={1607.06450},
      archivePrefix={arXiv},
      primaryClass={stat.ML},
      url={https://arxiv.org/abs/1607.06450}, 
}
@misc{dai2024deepseekmoeultimateexpertspecialization,
      title={DeepSeekMoE: Towards Ultimate Expert Specialization in Mixture-of-Experts Language Models}, 
      author={Damai Dai and Chengqi Deng and Chenggang Zhao and R. X. Xu and Huazuo Gao and Deli Chen and Jiashi Li and Wangding Zeng and Xingkai Yu and Y. Wu and Zhenda Xie and Y. K. Li and Panpan Huang and Fuli Luo and Chong Ruan and Zhifang Sui and Wenfeng Liang},
      year={2024},
      eprint={2401.06066},
      archivePrefix={arXiv},
      primaryClass={cs.CL},
      url={https://arxiv.org/abs/2401.06066}, 
}
@misc{zhang2025qwen3embeddingadvancingtext,
      title={Qwen3 Embedding: Advancing Text Embedding and Reranking Through Foundation Models}, 
      author={Yanzhao Zhang and Mingxin Li and Dingkun Long and Xin Zhang and Huan Lin and Baosong Yang and Pengjun Xie and An Yang and Dayiheng Liu and Junyang Lin and Fei Huang and Jingren Zhou},
      year={2025},
      eprint={2506.05176},
      archivePrefix={arXiv},
      primaryClass={cs.CL},
      url={https://arxiv.org/abs/2506.05176}, 
}