@online{alammar2018transformer,
  author       = {J. Alammar},
  title        = {The Illustrated Transformer},
  year         = {2018},
  url          = {https://jalammar.github.io/illustrated-transformer/},
  organization = {Personal Blog},
  note         = {Accessed: 2025-04-03}
}
@online{glan2023tokenizer,
  author       = {Glan格蓝},
  title        = {{LLM大语言模型之Tokenization分词方法（WordPiece，Byte-Pair Encoding (BPE)，Byte-level BPE(BBPE)原理及其代码实现）}},
  year         = {2023},
  url          = {https://zhuanlan.zhihu.com/p/652520262},
  organization = {Personal Blog},
  note         = {Accessed: 2025-04-04}
}
@software{huggingface_tokenizers,
  url     = {https://github.com/huggingface/tokenizers},
  urldate = {2025-04-04}
}
@misc{mikolov2013efficientestimationwordrepresentations,
  title         = {Efficient Estimation of Word Representations in Vector Space},
  author        = {Tomas Mikolov and Kai Chen and Greg Corrado and Jeffrey Dean},
  year          = {2013},
  eprint        = {1301.3781},
  archiveprefix = {arXiv},
  primaryclass  = {cs.CL},
  url           = {https://arxiv.org/abs/1301.3781}
}
@online{constantine2023wordembedding,
  author       = {康斯坦丁},
  title        = {{没有思考过 Embedding，不足以谈 AI}},
  year         = {2023},
  url          = {https://zhuanlan.zhihu.com/p/643560252},
  organization = {Personal Blog},
  note         = {Accessed: 2025-04-06}
}
@article{shibata1999byte,
  title     = {Byte pair encoding: A text compression scheme that accelerates pattern matching},
  author    = {Shibata, Yusuxke and Kida, Takuya and Fukamachi, Shuichi and Takeda, Masayuki and Shinohara, Ayumi and Shinohara, Takeshi and Arikawa, Setsuo},
  year      = {1999},
  publisher = {Technical Report DOI-TR-161, Department of Informatics, Kyushu University}
}
@misc{kwon2023efficientmemorymanagementlarge,
  title         = {Efficient Memory Management for Large Language Model Serving with PagedAttention},
  author        = {Woosuk Kwon and Zhuohan Li and Siyuan Zhuang and Ying Sheng and Lianmin Zheng and Cody Hao Yu and Joseph E. Gonzalez and Hao Zhang and Ion Stoica},
  year          = {2023},
  eprint        = {2309.06180},
  archiveprefix = {arXiv},
  primaryclass  = {cs.LG},
  url           = {https://arxiv.org/abs/2309.06180}
}